<?xml version="1.0" encoding="UTF-8"?><collection xmlns="http://www.loc.gov/MARC21/slim"><record><leader>00529nam--2200193-i-4500</leader><controlfield tag="001">000046679</controlfield><controlfield tag="002">20161230</controlfield><controlfield tag="005">20161230201046</controlfield><controlfield tag="008">060222s1000------------r-----000-0-rum-d</controlfield><datafield ind1=" " ind2=" " tag="040"><subfield code="a">IFIN-HH</subfield></datafield><datafield ind1=" " ind2=" " tag="041"><subfield code="a">rum</subfield></datafield><datafield ind1=" " ind2=" " tag="080"><subfield code="a">681.3:535</subfield></datafield><datafield ind1="1" ind2=" " tag="100"><subfield code="a">Vlad,I.V</subfield></datafield><datafield ind1="1" ind2="0" tag="245"><subfield code="a">Prelucrarea optica a informatiei</subfield><subfield code="c">Valentin i. vlad, radu zaciu, jean maurer, nicolae miron, dan sporea</subfield></datafield><datafield ind1=" " ind2=" " tag="260"><subfield code="a">Bucuresti</subfield><subfield code="b">Editura Academiei</subfield><subfield code="c">1976</subfield></datafield><datafield ind1=" " ind2=" " tag="300"><subfield code="a">476 P</subfield></datafield><datafield ind1="1" ind2=" " tag="700"><subfield code="a">Sporea, Dan</subfield></datafield><datafield ind1=" " ind2=" " tag="852"><subfield code="a">43557</subfield><subfield code="c">535</subfield></datafield><datafield ind1=" " ind2=" " tag="CAT"><subfield code="a">Sys</subfield><subfield code="c">20101108</subfield><subfield code="h">153742</subfield></datafield></record></collection>